<record><leader>00000cas a2200000 a 4500</leader><controlfield tag="001">12094929</controlfield><controlfield tag="008">850530d18881898utuwr ne      0    0eng c</controlfield><datafield ind1=" " ind2=" " tag="010"><subfield code="a">sn 85058149 </subfield></datafield><datafield ind1=" " ind2=" " tag="040"><subfield code="a">UNP</subfield><subfield code="b">eng</subfield><subfield code="c">UNP</subfield><subfield code="d">NJW</subfield><subfield code="d">CNK</subfield><subfield code="d">NVF</subfield><subfield code="d">OCL</subfield><subfield code="d">CUI</subfield><subfield code="d">OCLCQ</subfield><subfield code="d">OCLCF</subfield><subfield code="d">OCLCA</subfield></datafield><datafield ind1=" " ind2=" " tag="042"><subfield code="a">pcc</subfield></datafield><datafield ind1=" " ind2=" " tag="043"><subfield code="a">n-us-ut</subfield></datafield><datafield ind1=" " ind2="4" tag="050"><subfield code="a">AN1</subfield><subfield code="b">.D4512</subfield></datafield><datafield ind1="0" ind2="4" tag="245"><subfield code="a">The Deseret weekly.</subfield></datafield><datafield ind1=" " ind2=" " tag="260"><subfield code="a">Salt Lake City, Utah :</subfield><subfield code="b">Deseret News Co.,</subfield><subfield code="c">1888-1898.</subfield></datafield><datafield ind1=" " ind2=" " tag="300"><subfield code="a">20 v. :</subfield><subfield code="b">ill. ;</subfield><subfield code="c">30 cm.</subfield></datafield><datafield ind1=" " ind2=" " tag="310"><subfield code="a">Weekly</subfield></datafield><datafield ind1="0" ind2=" " tag="362"><subfield code="a">Vol. 38, no. 1 (Dec. 29, 1888)-v. 57, no. 26 (Dec. 10, 1898).</subfield></datafield><datafield ind1=" " ind2=" " tag="500"><subfield code="a">"Pioneer publication of the Rocky Mountain region."</subfield></datafield><datafield ind1=" " ind2=" " tag="525"><subfield code="a">Dec. 21, 1889 issue has supplement.</subfield></datafield><datafield ind1=" " ind2=" " tag="525"><subfield code="a">Special issue published in 1893 with title: "Deseret news New Year's, 1893."</subfield></datafield><datafield ind1=" " ind2=" " tag="550"><subfield code="a">Official organ of the Church of Jesus Christ of Latter-Day Saints.</subfield></datafield><datafield ind1="8" ind2=" " tag="555"><subfield code="a">Includes annual index for: &lt;1888-1897&gt;.</subfield></datafield><datafield ind1=" " ind2=" " tag="580"><subfield code="a">Semiweekly eds.: Deseret news. Semi-weekly, 1888-&lt;&gt;, Deseret semi-weekly news, &lt;1889&gt;-1898.</subfield></datafield><datafield ind1=" " ind2="0" tag="651"><subfield code="a">Salt Lake City (Utah)</subfield><subfield code="v">Newspapers.</subfield></datafield><datafield ind1=" " ind2="7" tag="655"><subfield code="a">Newspapers.</subfield><subfield code="2">fast</subfield><subfield code="0">(OCoLC)fst01423814</subfield></datafield><datafield ind1=" " ind2="7" tag="651"><subfield code="a">Utah</subfield><subfield code="z">Salt Lake City.</subfield><subfield code="2">fast</subfield><subfield code="0">(OCoLC)fst01205314</subfield></datafield><datafield ind1="2" ind2=" " tag="710"><subfield code="a">Church of Jesus Christ of Latter-day Saints.</subfield></datafield><datafield ind1=" " ind2=" " tag="752"><subfield code="a">United States</subfield><subfield code="b">Utah</subfield><subfield code="c">Salt Lake</subfield><subfield code="d">Salt Lake City.</subfield></datafield><datafield ind1="0" ind2=" " tag="775"><subfield code="t">Deseret evening news</subfield><subfield code="w">(DLC)sn 83045555</subfield><subfield code="w">(OCoLC)9505727</subfield></datafield><datafield ind1="1" ind2=" " tag="775"><subfield code="t">Deseret news. Semi-weekly</subfield><subfield code="w">(DLC)sn 83021456</subfield><subfield code="w">(OCoLC)10172109</subfield></datafield><datafield ind1="1" ind2=" " tag="775"><subfield code="t">Deseret semi-weekly news</subfield><subfield code="w">(DLC)sn 84024757</subfield><subfield code="w">(OCoLC)11145674</subfield></datafield><datafield ind1="0" ind2="8" tag="776"><subfield code="i">Online version:</subfield><subfield code="t">Deseret weekly</subfield><subfield code="w">(OCoLC)615159621</subfield></datafield><datafield ind1="0" ind2="0" tag="780"><subfield code="t">Deseret news (Salt Lake City, Utah : 1850)</subfield><subfield code="w">(DLC)sn 83045554</subfield><subfield code="w">(OCoLC)7004918</subfield></datafield></record>